<record><leader>00000cas a22000007a 4500</leader><controlfield tag="001">36927300</controlfield><controlfield tag="008">970519u1846uuuunhumr ne      0    0eng d</controlfield><datafield ind1=" " ind2=" " tag="010"><subfield code="a">sn 97067018 </subfield></datafield><datafield ind1=" " ind2=" " tag="040"><subfield code="a">NVK</subfield><subfield code="b">eng</subfield><subfield code="c">NVK</subfield><subfield code="d">OCL</subfield><subfield code="d">OCLCF</subfield><subfield code="d">OCLCO</subfield></datafield><datafield ind1=" " ind2=" " tag="042"><subfield code="a">msc</subfield></datafield><datafield ind1="0" ind2=" " tag="130"><subfield code="a">Asylum gazette (Concord, N.H.)</subfield></datafield><datafield ind1="0" ind2="4" tag="245"><subfield code="a">The Asylum gazette.</subfield></datafield><datafield ind1=" " ind2=" " tag="260"><subfield code="a">Concord (N.H.) :</subfield><subfield code="b">Published monthly by the inmates of the N.H. Asylum,</subfield><subfield code="c">1846-</subfield></datafield><datafield ind1=" " ind2=" " tag="300"><subfield code="a">v. :</subfield><subfield code="b">ill. ;</subfield><subfield code="c">35 cm.</subfield></datafield><datafield ind1=" " ind2=" " tag="310"><subfield code="a">Monthly</subfield></datafield><datafield ind1="0" ind2=" " tag="362"><subfield code="a">Vol. 1, no. 1 (Jan. 20, 1846)</subfield></datafield><datafield ind1=" " ind2="0" tag="651"><subfield code="a">Concord (N.H.)</subfield><subfield code="v">Newspapers.</subfield></datafield><datafield ind1=" " ind2="7" tag="655"><subfield code="a">Newspapers.</subfield><subfield code="2">fast</subfield><subfield code="0">(OCoLC)fst01423814</subfield></datafield><datafield ind1=" " ind2="7" tag="651"><subfield code="a">New Hampshire</subfield><subfield code="z">Concord.</subfield><subfield code="2">fast</subfield><subfield code="0">(OCoLC)fst01205752</subfield></datafield><datafield ind1=" " ind2=" " tag="752"><subfield code="a">United States</subfield><subfield code="b">New Hampshire</subfield><subfield code="c">Merrimack</subfield><subfield code="d">Concord.</subfield></datafield><datafield ind1=" " ind2=" " tag="936"><subfield code="a">Jan. 20, 1846 LIC</subfield></datafield></record>